<?xml version="1.0" encoding="UTF-8"?>
<record xmlns="http://www.loc.gov/MARC21/slim" xmlns:xsi="http://www.w3.org/2001/XMLSchema-instance" xsi:schemaLocation="http://www.loc.gov/MARC21/slim http://www.loc.gov/standards/marcxml/schema/MARC21slim.xsd">
<leader>     nam a2200277 a 4500</leader>
<controlfield tag="001">001913010</controlfield>
<controlfield tag="003">NNU</controlfield>
<controlfield tag="005">20050718095036.0</controlfield>
<controlfield tag="008">910220s1965    ir            000 0 ara d</controlfield>
<datafield tag="035" ind1="9" ind2=" ">
<subfield code="a">NYUb10856000</subfield>
</datafield>
<datafield tag="035" ind1=" " ind2=" ">
<subfield code="a">(CStRLIN)NYUG91-B6540</subfield>
</datafield>
<datafield tag="035" ind1=" " ind2=" ">
<subfield code="a">GLIS008560008</subfield>
</datafield>
<datafield tag="040" ind1=" " ind2=" ">
<subfield code="a">NNU</subfield>
<subfield code="c">NNU</subfield>
</datafield>
<datafield tag="090" ind1=" " ind2=" ">
<subfield code="i">02/20/91 CT</subfield>
</datafield>
<datafield tag="100" ind1="1" ind2=" ">
<subfield code="a">ʻĀmilī, Muḥammad ibn al-Ḥasan al-Ḥusaynī,</subfield>
<subfield code="d">fl. 1657.</subfield>
</datafield>
<datafield tag="240" ind1="1" ind2="0">
<subfield code="a">Ithná ʻasharīyah fī al-mawāʻiẓ al-ʻadadīyah</subfield>
</datafield>
<datafield tag="245" ind1="1" ind2="0">
<subfield code="a">Kitāb al-Mawāʻiẓ al-ʻadadīyah :</subfield>
<subfield code="b">talkhīs wa-tahdhīb wa-taqdimah al-ʻadadīyahwa-iḍāfāt li-kitāb al-Ithnay ʻasharīyah /</subfield>
<subfield code="c">ḥabbarahā qalam al-ʻabd ʻAlī al-Mishkīnī al-Ardabīlī.</subfield>
</datafield>
<datafield tag="260" ind1=" " ind2=" ">
<subfield code="a">Qum :</subfield>
<subfield code="b">al-Maṭbaʻah al-ʻIlmīyah,</subfield>
<subfield code="c">1385 [1965]</subfield>
</datafield>
<datafield tag="300" ind1=" " ind2=" ">
<subfield code="a">6, 312 p. ;</subfield>
<subfield code="c">25 cm.</subfield>
</datafield>
<datafield tag="500" ind1=" " ind2=" ">
<subfield code="a">Cover title: al-Mawāʻiẓ al-ʻadadīyah.</subfield>
</datafield>
<datafield tag="650" ind1=" " ind2="0">
<subfield code="a">Shiites</subfield>
<subfield code="v">Early works to 1800.</subfield>
</datafield>
<datafield tag="650" ind1=" " ind2="0">
<subfield code="a">Hadith (Shiites)</subfield>
</datafield>
<datafield tag="700" ind1="1" ind2=" ">
<subfield code="a">Mashkīnī, ʻAlī.</subfield>
</datafield>
<datafield tag="740" ind1="3" ind2=" ">
<subfield code="a">al-Mawāʻiẓ al-ʻadadīyah.</subfield>
</datafield>
<datafield tag="OWN" ind1=" " ind2=" ">
<subfield code="a">GENERAL</subfield>
</datafield>
<datafield tag="950" ind1=" " ind2=" ">
<subfield code="l">BMAIN</subfield>
<subfield code="a">BP194</subfield>
<subfield code="b">.A35 1965</subfield>
<subfield code="i">02/20/91 C</subfield>
</datafield>
<datafield tag="955" ind1=" " ind2=" ">
<subfield code="l">BMAIN</subfield>
<subfield code="c">1</subfield>
<subfield code="r">015367132</subfield>
<subfield code="i">02/20/91 C</subfield>
</datafield>
<datafield tag="998" ind1=" " ind2=" ">
<subfield code="a">02/20/91</subfield>
<subfield code="t">c</subfield>
<subfield code="s">9114</subfield>
<subfield code="n">NNU</subfield>
<subfield code="d">02/20/91</subfield>
<subfield code="c">MG</subfield>
<subfield code="b">MG</subfield>
<subfield code="i">910220</subfield>
<subfield code="l">NYUG</subfield>
</datafield>
<datafield tag="AVA" ind1=" " ind2=" ">
<subfield code="a">NYU50</subfield>
<subfield code="b">BOBST</subfield>
<subfield code="c">Main Collection</subfield>
<subfield code="d">BP194 .A35 1965</subfield>
<subfield code="e">unavailable</subfield>
<subfield code="t">Unavailable</subfield>
<subfield code="f">1</subfield>
<subfield code="g">1</subfield>
<subfield code="h">N</subfield>
<subfield code="i">0</subfield>
<subfield code="j">MAIN</subfield>
<subfield code="k">0</subfield>
</datafield>
</record>
